@article{barnes1986hierarchical,
    title={A hierarchical O (N log N) force-calculation algorithm},
    author={Barnes, Josh and Hut, Piet},
    journal={nature},
    volume={324},
    number={6096},
    pages={446--449},
    year={1986}
}
